2190 3522
381 111 683 226 otium

112 289 119 304 ·
153 269 190 351 6.
211 267 393 348 Curandae
412 289 487 370 prae
504 267 637 345 caeteris
655 261 900 366 defendentes,
916 272 961 348 fi.

101 391 147 452 ue
160 369 319 476 praefides
331 371 540 448 munimenti
556 390 684 474 partes.
709 369 956 476 Haequantuui

94 475 176 554 fieti
200 475 336 576 poterit
350 491 550 572 augeantur.
712 485 714 494 ’
944 471 950 485 “

24 641 31 654 .
109 600 114 609 ·
150 597 187 675 7.
197 572 300 674 Justae
321 575 428 676 igitur
443 566 696 674 magnitudinis
711 565 779 645 tint
791 571 853 649 alae
870 585 956 676 prot

132 673 395 780 uguacuiorum,
413 674 585 776 &praetrt
601 693 659 750 eas
676 669 782 776 quim
797 677 958 752 maximm

98 699 190 855 dant
212 774 273 850 alae
294 775 331 850 in
348 775 497 849 cortina.

109 897 117 918 ¹
136 877 262 978 Longe
272 875 365 948 enim
375 873 507 948 fortius
518 871 567 949 est
575 873 829 952 munimentum
839 872 956 976 quod,

100 975 201 1094 salvi}
218 970 446 1050 effertuhbus
464 971 559 1070 aliis,
573 973 642 1050 alas
662 977 767 1050 etiam
793 975 900 1051 habet
916 979 962 1054 in
1074 991 1086 1016 '

103 1094 259 1153 eortma.
782 1105 787 1112 ·

110 1203 116 1210 ·
157 1183 193 1264 8.
219 1171 370 1252 Cortina
389 1172 430 1250 fit
442 1172 957 1280 justaelongitudinimsuperet

104 1275 248 1369 faciem,
273 1275 349 1350 imo
366 1277 403 1350 δι’
418 1275 487 1352 alas
507 1275 860 1380 propugnaculorum
873 1276 954 1375 juni

104 1375 202 1472 iias,
218 1377 300 1480 quia
314 1372 497 1454 fortiffima
514 1378 565 1456 est
576 1379 791 1456 munimenti
800 1393 890 1500 pars.
941 1393 949 1410 ⁴

109 1495 117 1510 ·
151 1501 188 1580 9.
203 1475 492 1580 AngulusPropu
542 1477 630 1554 aculi
647 1477 955 1587 fitparvrolentiae

106 1597 379 1657 tormentorum.
427 1582 486 1656 [ln
515 1579 957 1686 enonsrtminor60.grass
1072 1595 1076 1602 '

101 1677 217 1776 dibus,
234 1681 340 1758 talem
367 1680 520 1760 sufficere
536 1679 615 1756 usus
635 1679 771 1758 docuit.

113 1801 125 1812 ·
155 1801 211 1858 10.
242 1779 376 1857 Reitus
396 1780 652 1882 Propugnaculi
685 1779 832 1886 angulus
860 1780 958 1880 opti·

105 1903 183 1956 mus
198 1879 257 1958 est.
299 1881 331 1953 ls
344 1897 462 1956 tamen
483 1899 531 1964 ut
540 1879 725 1976 habeatur,
741 1879 794 1955 ala
809 1883 956 1955 cortine

2 1985 3 2010 ³
105 1992 185 2058 non
204 1973 424 2067 omittenda,
443 1993 504 2050 aut
519 1977 665 2050 nimium
682 1975 908 2054 decurtanda.

3 2139 5 2160 t
161 2101 219 2154 11.
235 2073 481 2172 Angulusalae,
491 2075 526 2150 δι
538 2073 684 2150 cortinae
700 2077 833 2175 semper
844 2075 957 2152 retius

107 2171 175 2274 ost„
205 2179 256 2254 Ita
274 2193 346 2257 tam
361 2175 519 2270 cortina,
541 2171 646 2278 quim
663 2173 767 2254 factes
780 2170 899 2262 ittiiu,
917 2199 958 2250 ac

107 2271 261 2381 proinde
278 2272 403 2352 tertiis
413 2271 709 2380 commodiusque
724 2276 956 2378 stringitur‚&

105 2378 231 2472 faciei,
257 2376 290 2450 &
315 2374 377 2451 ale
398 2375 544 2483 angulus
561 2373 603 2452 fit
620 2376 757 2478 major,
790 2376 957 2484 adeoque

106 2477 295 2558 robustior.
394 2510 405 2560 .·
712 2565 715 2569 ι
850 2503 853 2518 ·

162 2601 219 2655 12.
247 2577 356 2654 Linea
373 2573 456 2664 colli
471 2573 512 2650 srt
529 2573 677 2679 spatiosa
692 2605 739 2665 ne
754 2575 837 2660 aliis
856 2601 959 2658 coar.

5 2741 7 2750 ,
108 2671 224 2756 ¹&retur
239 2675 550 2780 propugnaculum.

162 2802 218 2878 13.
243 2775 498 2879 Propuguaculi
518 2777 695 2882 quantitas
713 2773 838 2869 eaiit,
876 2795 957 2881 que

103 2877 332 2970 ¹sufficientem
343 2899 566 2975 ,armatorum
585 2899 764 2952 numemm
783 2880 907 2979 capiat,
921 2883 958 2958 it

6 3033 8 3064 2
111 2981 192 3056 satis
208 2981 357 3081 probeat
376 2979 474 3080 spatii
489 2967 536 3057 dd
558 2989 736 3056 tormenta
753 2973 958 3082 dirigenda,

109 3078 306 3188 ceterique
325 3079 486 3161 militaria
502 3081 619 3162 munia
635 3078 812 3160 obeunda

489 3285 516 3371 Β
541 3303 565 3398 5
842 3271 963 3378 Congo
